<record><leader>00000cas a2200000 a 4500</leader><controlfield tag="001">8811347</controlfield><controlfield tag="008">820927d18611865inudn ne      0   a0eng  </controlfield><datafield ind1=" " ind2=" " tag="010"><subfield code="a">sn 82015683 </subfield></datafield><datafield ind1=" " ind2=" " tag="040"><subfield code="a">DLC</subfield><subfield code="b">eng</subfield><subfield code="c">DLC</subfield><subfield code="d">NPX</subfield><subfield code="d">NPI</subfield><subfield code="d">DLC</subfield><subfield code="d">NVF</subfield><subfield code="d">DLC</subfield><subfield code="d">OCLCQ</subfield><subfield code="d">CUI</subfield><subfield code="d">OCLCQ</subfield><subfield code="d">DLC</subfield><subfield code="d">OCLCF</subfield></datafield><datafield ind1="0" ind2=" " tag="022"><subfield code="a">2332-1040</subfield><subfield code="2">1</subfield></datafield><datafield ind1="1" ind2=" " tag="029"><subfield code="a">AU@</subfield><subfield code="b">000020263516</subfield></datafield><datafield ind1=" " ind2=" " tag="042"><subfield code="a">pcc</subfield><subfield code="a">nsdp</subfield></datafield><datafield ind1=" " ind2=" " tag="043"><subfield code="a">n-us-in</subfield></datafield><datafield ind1="0" ind2="0" tag="050"><subfield code="a">Newspaper</subfield></datafield><datafield ind1=" " ind2="4" tag="050"><subfield code="a">AN</subfield></datafield><datafield ind1="0" ind2="0" tag="082"><subfield code="a">071</subfield><subfield code="2">23</subfield></datafield><datafield ind1="0" ind2=" " tag="130"><subfield code="a">Daily State sentinel (Indianapolis, Ind. : 1861)</subfield></datafield><datafield ind1=" " ind2="0" tag="222"><subfield code="a">Daily State sentinel</subfield><subfield code="b">(Indianapolis, Ind. 1861. Print)</subfield></datafield><datafield ind1="1" ind2="0" tag="245"><subfield code="a">Daily State sentinel.</subfield></datafield><datafield ind1=" " ind2=" " tag="260"><subfield code="a">Indianapolis, Ind. :</subfield><subfield code="b">Bingham &amp; Doughty,</subfield><subfield code="c">-1865.</subfield></datafield><datafield ind1=" " ind2=" " tag="300"><subfield code="a">v. ;</subfield><subfield code="c">60-65 cm.</subfield></datafield><datafield ind1=" " ind2=" " tag="310"><subfield code="a">Daily (except Sunday)</subfield></datafield><datafield ind1="1" ind2=" " tag="362"><subfield code="a">Began with Jan. 3, 1861 issue?</subfield></datafield><datafield ind1="0" ind2=" " tag="362"><subfield code="a">-v. 14, no. 4,687 (Oct. 31, 1865).</subfield></datafield><datafield ind1=" " ind2=" " tag="500"><subfield code="a">"Democratic."</subfield></datafield><datafield ind1=" " ind2=" " tag="530"><subfield code="a">Archived issues are available in digital format as part of the Library of Congress Chronicling America online collection.</subfield></datafield><datafield ind1=" " ind2=" " tag="580"><subfield code="a">Weekly ed.: Indiana State sentinel (Indianapolis, Ind. : 1861).</subfield></datafield><datafield ind1=" " ind2=" " tag="588"><subfield code="a">Description based on: Vol. 10, no. 3,223 (Jan. 4, 1861).</subfield></datafield><datafield ind1=" " ind2="0" tag="651"><subfield code="a">Indianapolis (Ind.)</subfield><subfield code="v">Newspapers.</subfield></datafield><datafield ind1=" " ind2="0" tag="651"><subfield code="a">Marion County (Ind.)</subfield><subfield code="v">Newspapers.</subfield></datafield><datafield ind1=" " ind2="7" tag="655"><subfield code="a">Newspapers.</subfield><subfield code="2">fast</subfield><subfield code="0">(OCoLC)fst01423814</subfield></datafield><datafield ind1=" " ind2="7" tag="651"><subfield code="a">Indiana</subfield><subfield code="z">Indianapolis.</subfield><subfield code="2">fast</subfield><subfield code="0">(OCoLC)fst01205182</subfield></datafield><datafield ind1=" " ind2="7" tag="651"><subfield code="a">Indiana</subfield><subfield code="z">Marion County.</subfield><subfield code="2">fast</subfield><subfield code="0">(OCoLC)fst01213920</subfield></datafield><datafield ind1=" " ind2=" " tag="752"><subfield code="a">United States</subfield><subfield code="b">Indiana</subfield><subfield code="c">Marion</subfield><subfield code="d">Indianapolis.</subfield></datafield><datafield ind1="1" ind2=" " tag="775"><subfield code="t">Indiana State sentinel (Indianapolis, Ind. : 1861)</subfield><subfield code="w">(DLC)sn 82014306</subfield><subfield code="w">(OCoLC)8769822</subfield></datafield><datafield ind1="0" ind2="8" tag="776"><subfield code="i">Online version:</subfield><subfield code="t">Daily State sentinel (Indianapolis, Ind. : 1861 : Online)</subfield><subfield code="x">2332-1059</subfield><subfield code="w">(DLC)  2013272080</subfield><subfield code="w">(OCoLC)611104944</subfield></datafield><datafield ind1="0" ind2="0" tag="780"><subfield code="t">Daily Indiana State sentinel (Indianapolis, Ind. : 1861)</subfield><subfield code="w">(DLC)sn 85047652</subfield><subfield code="w">(OCoLC)12885704</subfield></datafield><datafield ind1="0" ind2="0" tag="785"><subfield code="t">Indianapolis daily herald</subfield><subfield code="x">2332-0923</subfield><subfield code="w">(DLC)sn 82015464</subfield><subfield code="w">(OCoLC)8821538</subfield></datafield><datafield ind1="4" ind2="1" tag="856"><subfield code="u">http://www.loc.gov/chroniclingamerica/lccn/sn82015683/issues</subfield></datafield></record>